
@article{CDV24,
  title   = {The {D}esign {P}rinciples of the {E}lixir {T}ype {S}ystem},
  author  = {Giuseppe Castagna and Guillaume Duboc and Jos√© Valim},
  journal = {The Art, Science, and Engineering of Programming},
  year    = {2024},
  volume  = {8},
  doi     = {10.22152/programming-journal.org/2024/8/4},
  number  = {2}
}